946 1448
451 171 552 186 LETANM.

321 199 359 214 037

188 226 301 243 misericordie
316 228 344 242 tue
359 226 399 247 quia
408 231 488 247 pauperes

188 249 228 265 facti
236 253 294 264 sumus
305 248 358 264 nimis.
381 248 450 268 Adjuva
458 253 489 264 nos

188 271 230 287 deus
238 271 315 289 salutaris
324 272 384 286 noster.
408 270 431 286 Et
438 275 489 291 prop-

188 295 214 309 ter
222 293 292 313 gloriam
301 292 372 308 nominis
386 292 410 308 tui
422 293 490 308 domine

189 315 241 331 libera
256 320 296 330 nos:
315 317 332 330 et
351 315 435 335 propicius
453 317 491 330 esto

189 337 262 358 peccatis
274 337 335 352 nostris
342 339 411 357 propter
418 336 490 353 nomen*

189 361 242 375 tuum⁴
266 358 335 375 Memor
348 361 385 374 esto
400 364 491 379 congrega·

188 381 239 397 tionis
247 383 280 396 tue.
303 380 359 401 Quam
372 381 461 401 possedisti
469 381 491 397 ab

188 403 239 419 initio.
262 402 363 419 Sacerdotes
382 403 406 419 tui
421 403 491 419 induan-

188 427 216 441 tur
221 425 298 445 justitia}
321 425 344 441 Et
349 426 402 441 sancti
411 426 434 441 tui
442 425 490 441 exul-

188 449 229 463 tent.
252 447 326 463 Domine
332 447 425 463 salvumfac
430 452 491 468 regern.

188 469 212 485 Et
220 469 281 485 exaudi
290 474 321 485 nos
326 469 342 485 in
349 470 376 485 die
382 475 416 490 qua
424 470 490 485 invoca-

187 491 262 507 verimus
270 494 291 507 te.
315 491 385 507 Salvum
398 491 423 507 sac
437 497 490 512 popu-

188 513 224 529 lum
237 516 285 529 tuum
299 513 366 529 domine
383 516 400 529 et
420 513 491 530 benedic

188 535 277 551 hereditati
292 538 325 551 tue.
349 536 372 551 Et
384 541 422 556 rege
433 541 461 551 eos
473 538 490 552 et

188 557 253 573 extolle
268 557 305 573 illos
322 563 375 578 usque
385 558 401 574 in
410 560 490 574 eternum.

187 580 259 600 Exurge
265 580 334 595 domine
345 580 407 600 adjuva
415 585 450 596 nos.
467 580 491 596 Et

187 601 240 617 libera
248 607 279 617 nos
287 604 355 622 propter
367 607 428 618 nomen
437 604 490 618 tuum.

187 623 262 640 Domine
270 624 312 640 deus
320 624 413 640 virtutum!
436 624 458 640 Et
463 629 490 640 os—

187 646 249 662 tende*
279 646 353 662 Domine
370 646 445 662 exaudi!
468 646 491 662 Et

187 668 251 684 clamor
259 668 317 684 meus.⁶
338 668 422 684 Dominus
434 669 490 684 vobis-

186 695 230 706 cum.
243 690 265 706 Et
271 695 309 706 cum
313 690 371 711 spiritu
377 690 417 706 tuo.⁷
426 690 489 707 Oratio.

187 712 256 745 Deus
266 712 292 728 cui
299 712 383 733 proprium
395 715 421 729 est
433 713 489 728 miser-

227 735 249 750 eri
270 739 336 755 semper
349 737 366 751 et
378 740 445 755 parcere
453 740 489 751 sus-

187 756 224 777 cipe
232 757 367 777 deprecationem
376 759 450 773 nostram
457 762 461 772 2
469 759 489 773 ut

187 783 229 799 quos
245 779 343 795 delictorum
359 779 430 795 cathena
449 784 489 795 con-

187 801 254 821 stringit
270 801 355 817 miseratio
375 804 404 817 tue
421 801 488 822 pietatis

186 822 267 839 absolvat„
291 823 322 839 Per
337 823 421 839 Christum
435 823 488 839 clomi⁴

187 850 232 860 num.
424 845 487 862 Oratio-

186 868 255 900 Deus
270 867 287 883 in
302 869 320 883 te
331 868 433 888 sperantium
441 868 487 883 sorti.

226 889 267 905 tudo
275 895 278 905 :
290 889 348 905 adesto
354 890 437 910 propicius
442 890 488 905 invo—

186 911 281 927 canonibus
294 912 362 927 nostris:
374 914 390 928 et
406 912 444 932 quia
452 912 488 927 sine

187 935 204 949 te
212 933 252 949 nihil
264 936 320 954 potest
333 934 407 950 mortalis
420 934 488 950 infirmi-

186 958 222 971 tas:
234 958 290 976 presta
299 956 380 972 auxilium
389 956 442 977 gratie
448 958 487 972 tue:

187 978 229 993 utin
243 978 346 998 exequendis
359 978 443 994 mandatis
454 978 487 994 tuis

186 1003 203 1016 et
212 1000 298 1016 voluntate
306 1000 336 1016 tibi
347 1002 364 1016 et
376 1001 442 1016 actione
450 1000 487 1021 pla-

186 1027 258 1038 cenmus-
422 1022 487 1039 Oratio.

186 1045 299 1078 Frotector
312 1045 328 1060 in
347 1046 365 1060 te
384 1045 486 1065 sperantium

227 1067 267 1083 deus
275 1067 310 1082 sine
318 1071 352 1087 quo
360 1067 401 1082 nihil
412 1070 438 1083 est
446 1067 487 1083 vali-

211 1108 214 1115 ·
225 1107 334 1120 ‘saneim-vada:
343 1107 376 1119 ac..

225 1124 227 1127 ’
273 1128 285 1136 m
291 1128 294 1136 ε
301 1124 353 1136 auus.

273 1142 292 1152 ne
298 1140 327 1152 ms*
334 1140 359 1152 add
366 1145 369 1152 ι
378 1140 426 1152 aas.

211 1158 215 1165 ⁴
226 1157 239 1169 ·s
266 1161 278 1169 m
288 1159 322 1169 inam
332 1159 344 1169 et
353 1157 384 1169 salvi
393 1156 486 1169 erimm'add:

185 1174 302 1202 E⁴‘÷⁴?2,„,;0„„,„
309 1194 349 1202 menn.
355 1190 358 1195 >
364 1190 389 1202 add
395 1194 398 1202 2
405 1190 453 1202 aas⁴

210 1207 215 1214 “
225 1208 228 1214 ‘
273 1207 315 1218 veniat
321 1207 323 1212 ’
329 1207 364 1219 add:
374 1207 423 1219 E.G-S.

278 1223 317 1235 vobis⁴
336 1223 352 1235 Ει
358 1227 386 1235 mm
391 1227 409 1239 sp.
418 1225 439 1235 mo
445 1223 448 1229 ’
453 1227 486 1236 ont:

642 198 682 213 988

514 226 555 241 dum
570 225 610 241 nihil
622 228 710 241 sanctum:
723 225 816 246 multiplica

514 253 564 268 super
575 253 606 263 nos
618 247 748 263 misericordiam
760 250 816 263 tuam:

515 273 534 286 ut
542 272 560 286 te
569 273 633 286 rectore
641 272 659 286 te
663 270 706 286 duce
714 270 737 285 sic
743 272 816 285 transea-

515 297 553 308 mus
561 297 591 312 per
598 292 643 308 bona
649 292 750 313 temporalia
756 294 775 307 ut
783 297 815 307 non

515 315 614 330 amittamus
622 316 684 330 eterna.
755 314 816 330 Oratio.

515 337 584 369 Deus
596 336 623 352 cui
636 341 687 352 omne
699 341 729 352 cor
740 338 787 357 patet
799 338 815 352 et

554 358 590 374 eui¹
596 358 731 374 omnisvoluntas
737 358 816 379 loquitur:

516 382 532 396 et
540 380 601 401 quem’
608 380 672 396 nullum
679 380 720 396 latet
728 383 815 396 secretum:

515 402 585 423 purifica
600 408 630 423 per
647 402 747 418 infusionem
764 402 815 418 sancti

515 425 583 445 spiritus
590 425 700 445 cogitationes
711 425 767 440 cordis
780 430 816 440 nos<

516 447 541 463 tri.
553 449 572 463 ut
585 447 658 468 perfecte
671 447 705 463 te¹⁰
718 447 788 467 diligere
799 449 816 462 et

515 469 566 490 digne
573 469 641 485 laudare
647 474 745 485 mereamur.
755 469 815 485 Oratim

518 492 645 525 Omnipotens
659 491 760 512 sempiterne
776 491 816 507 deus

549 514 578 534 qui
597 513 638 529 facis
657 513 739 529 mirabilia
756 518 816 534 magna

515 535 570 551 solus:
582 536 662 556 pretende
675 540 725 556 super
735 535 815 551 famulum

515 560 562 573 tuum
569 558 710 578 archiepiscopum
719 560 794 573 nostrum
799 560 815 573 et

516 585 565 600 super
580 582 658 596 cunctam
669 580 814 600 congregationem

515 602 546 617 sibi
553 602 562 611 ¹¹
571 602 813 622 commissnmspiritumgratie

515 624 591 640 salutaris
607 626 624 640 et
639 626 658 640 ut
674 624 690 639 in
706 624 777 640 veritate
785 624 814 640 tibi

515 646 630 667 complaceant
643 648 742 666 perpetuum
757 646 780 662 eis
791 651 815 662 ro-

515 673 550 684 rem
556 670 584 684 tue
591 668 712 684 benedictionis
720 668 793 684 infunde.

513 691 583 724 Deus
591 691 619 711 qui
627 690 701 706 cai-itatis
706 690 736 706 do·
745 690 815 711 [Oratio.

554 717 575 728 na
583 717 613 733 per
620 713 691 733 gratiam
700 712 753 728 sancti
768 712 815 733 spiri-

513 737 540 750 tus
559 737 626 750 tuorum
645 734 723 751 cordibus
741 734 815 750 fidelium

514 757 588 773 infudisti
594 757 605 766 ¹¹
613 757 634 772 de
640 756 706 772 famulis
714 759 731 772 et
744 756 814 772 famula-

513 779 544 795 bus
552 779 585 795 tuis
593 784 623 799 pro
631 779 691 799 quibus
699 781 745 794 tuam
757 779 814 799 depre-

513 806 570 817 camur
578 801 683 817 clementiam
692 801 763 817 salutem
769 806 815 817 men-

513 823 535 839 tis
543 825 560 839 et
568 823 640 844 corporis
648 828 651 838 ι
663 825 682 838 ut
687 826 704 839 te
712 825 748 839 tota
754 823 815 839 virtute

513 845 594 866 diligant:
602 847 619 861 et
628 850 660 866 que
668 845 699 861 tibi
707 845 770 866 placita
776 847 815 861 sunt

513 869 549 883 tota
556 867 645 883 dilectione
651 867 742 888 perficiant.
753 867 815 883 omia.

512 889 603 922 Adesto
611 889 679 905 domine
690 889 815 910 supplicationi-

555 912 586 927 bus
605 911 675 927 nostris:
698 914 715 927 et
733 911 779 927 viam
798 914 816 928 et

513 936 560 949 actus
585 933 684 949 famulorum
706 936 774 949 tuorum
798 934 815 949 in

513 956 571 971 salutis
579 958 607 971 tue
615 955 726 976 prosperitate
734 956 815 977 dispone:

513 980 531 994 ut
540 978 583 993 inter
590 983 649 994 omnes
660 978 710 998 hujus
718 977 744 993 vie
756 980 773 994 et
781 978 816 994 vite

512 1000 616 1016 varietates¹²
624 1002 816 1021 tuosemperprotegan-

512 1025 540 1038 tur
547 1022 614 1038 auxilio.
752 1022 816 1039 Oratio.

511 1045 580 1078 Deus
596 1049 606 1060 a
618 1049 652 1065 quo
659 1047 717 1060 sancta
731 1045 816 1061 desideria

552 1069 597 1083 recta
604 1066 674 1082 consilia
684 1069 701 1083 et
716 1066 764 1087 justa
776 1070 817 1083 sunt

532 1206 541 1214 ι·
550 1210 573 1222 pm
580 1206 612 1219 wne
618 1206 648 1218 m:
654 1207 718 1219 venum:
727 1206 741 1219 s.
