946 1448
424 169 524 184 LETANIA.

297 197 330 211 981

163 223 240 240 celorum.
266 223 291 240 Tu
303 224 324 239 ad
338 224 426 239 dexteram
437 224 464 239 dei

162 246 221 262 sedes:
233 246 249 261 in
257 246 311 266 gloria
323 246 379 267 patris,
403 246 464 264 Judex

163 268 245 284 crederis:
253 273 289 284 esse
297 271 379 284 venturus.
395 268 417 284 Te
424 273 464 288 ergo

163 295 254 310 quesumus
262 290 328 306 famulis
340 290 373 306 tuis
385 290 463 306 subveni:

163 317 206 332 quos
209 312 282 332 pretioso
287 312 368 333 sanguine
374 312 464 328 redemisti.

163 334 227 350 Eterna
235 334 271 350 sac:
282 339 320 350 cum
330 335 393 350 sanctis
400 335 433 350 tuis
447 335 463 350 in

163 356 216 377 gloria
236 357 323 372 numerari.
351 357 422 372 Salvum
438 356 463 373 sac

163 378 243 399 populum
250 381 297 394 tuum
303 379 380 395 domine:
388 381 405 394 et
414 379 464 394 bene-

162 401 190 417 dic
198 400 285 417 hereditati
294 403 327 417 tue.
350 401 374 417 Et
383 406 421 422 rege
427 406 463 417 eos:

162 426 179 439 et
187 423 250 439 extolle
256 423 292 439 illos
299 423 374 444 usquein
382 426 463 439 eternum.

162 445 197 461 Per
207 445 281 465 singulos
293 445 338 461 dies:
350 445 464 461 benedicimus

161 469 183 483 te.
207 467 230 483 Et
242 467 329 483 laudamus
337 472 398 483 nomen
406 470 464 483 tuum:

162 489 179 505 in
187 489 262 505 seculum
271 492 288 505 et
296 490 313 505 in
325 490 399 505 seculum
407 489 463 505 seculi.

162 511 239 532 Dignare
253 512 321 527 domine
332 512 359 527 die
373 512 415 527 isto:
427 512 463 527 sine

162 536 231 554 peccato
239 539 269 549 nos
281 534 368 550 custodire.
380 534 463 549 Miserere

162 556 214 571 nostri
226 556 304 572 domine:
316 556 393 572 miserere
405 556 461 572 nostri.

161 578 204 593 Fiat
217 578 329 594 misericordia
349 580 378 594 tua
394 578 462 594 domine

161 605 211 620 super
219 605 250 616 nos
257 600 400 621 quemadmodum
406 605 461 621 spera-

161 622 216 638 vimus
224 622 240 638 in
249 624 269 638 te.
292 622 314 638 In
322 625 339 638 te
348 622 416 638 domine
424 627 461 643 spe-

162 644 195 660 ravi
204 649 238 660 non
246 644 337 660 confundar
344 644 360 660 in
367 644 453 660 eternum.¹

214 671 246 682 unc
258 666 328 683 dimittis
336 671 401 682 servum
413 669 460 682 tuum

214 688 292 705 domine:
313 688 404 705 secundum
425 694 461 704 ver-

162 710 201 727 bum
210 713 257 727 tuum
266 711 283 727 in
296 716 341 732 pace.
365 711 408 731 Quia
416 711 462 727 vide-

162 735 200 749 runt
211 733 254 749 oculi
268 733 311 749 mei:
323 733 395 749 salutare
409 735 461 749 tuum.

163 755 212 774 Quod
220 755 281 776 parasti
293 758 332 771 ante
340 755 399 771 faciem
407 756 461 771 omni-

161 782 190 793 um
198 777 302 798 populorum.
314 777 380 793 Lumen
388 778 410 793 ad
416 782 461 793 reve-

161 799 240 815 lationem
256 800 340 820 gentium:
359 802 376 815 et
391 799 460 820 gloriam

162 821 216 842 plebis
230 824 258 837 tue
282 821 342 837 israel.¹
370 822 405 837 Αιῑ.
434 822 461 838 Ne

161 843 271 860 reminiscaris
279 844 346 860 domine
354 843 415 860 delicta
423 849 461 860 nos-

162 868 187 881 tra
204 865 230 881 vel
250 869 337 886 parentum
355 868 460 882 nostrorum:

162 893 215 908 neque
227 888 317 904 vindictam
326 893 382 904 sumas
393 888 414 904 de
422 893 461 909 pec-

161 910 203 926 catis
211 910 275 926 nostris.
380 910 461 926 Lamia!

160 932 242 965 Kyrie
250 932 317 948 eleison.
341 932 407 949 Christe
422 932 460 948 elei-

207 954 258 970 son.⁴³
269 954 335 971 Christe
341 955 379 970 audi
384 959 418 970 nos.
426 954 460 970 Pa-

160 978 186 992 ter
193 976 215 992 de
223 976 262 992 celis
270 977 319 993 deus:
328 977 406 993 Miserere
412 977 460 992 nobis

160 998 193 1014 Fili
213 999 308 1019 redemptor
327 999 384 1014 mundi
406 998 447 1014 deus
456 1004 460 1015 z

161 1020 241 1036 Miserere
256 1021 304 1037 nobis
329 1021 460 1041 Spiritussancte

160 1043 212 1058 deus:
227 1043 305 1059 Miserere
321 1043 372 1059 nobis.
396 1043 460 1059 Sancta

161 1065 226 1081 trinitas
243 1070 286 1081 unus
305 1065 350 1081 deus.
381 1065 460 1081 Miserere

161 1087 214 1102 nobis.

161 1109 225 1125 Sancta
234 1109 297 1125 maria:
314 1121 318 1125 .
331 1109 366 1125 Ora
373 1114 404 1130 pro
412 1109 460 1125 nobis

161 1131 225 1147 Sancta
233 1131 259 1147 dei
267 1131 341 1152 genitrix
349 1137 352 1147 :
361 1144 364 1147 .
388 1144 392 1147 .
415 1143 419 1148 .
430 1136 460 1147 ora

186 1175 189 1182 ·
200 1175 240 1190 'pr-¹:
251 1175 270 1187 W.
284 1175 427 1187 ‘Canescunt-'memte
435 1175 461 1187 tm

184 1195 190 1215 '⁴¹
197 1191 253 1220 {blora
258 1208 298 1224 para*
304 1208 328 1220 ιᾱᾱ
335 1212 338 1220 1
347 1208 360 1220 s.

186 1225 190 1232 ¹
200 1224 310 1238 mmmmm.-
322 1225 356 1237 ms.

615 197 654 211 982

491 223 555 240 Sancta
563 224 609 245 virgo
615 224 697 244 virginum
705 230 708 240 :
719 237 723 240 .
746 237 750 240 .
762 230 791 241 ora

492 246 555 262 Sancte
564 246 644 262 michael:
693 258 698 262 .
747 259 750 263 .
763 252 792 263 ora

492 268 555 284 Sancte
563 268 627 289 gabriel
635 274 638 284 :
719 281 723 285 .
746 281 750 285 .
762 274 792 285 ora

491 290 554 306 Sancte
562 291 639 311 raphael:
666 302 671 307 .
693 303 696 307 .
719 303 723 307 .
746 303 750 307 .
762 296 792 308 ora.

492 312 553 329 Omnes
560 313 612 329 sancti
620 312 675 333 angeli
683 315 700 329 et
705 313 752 329 arch-

513 335 566 355 angeli
574 340 578 351 :
590 347 594 351 .
617 347 621 351 .
644 335 696 351 Orate
704 340 734 356 pro
742 335 791 351 nobis

492 356 554 372 Omnes
559 357 611 372 sancti
615 357 702 373 beatorum
706 357 753 378 spiri-

512 381 559 394 tuum
568 379 634 395 ordines
641 385 644 395 :
650 379 702 395 Orate
707 385 736 400 pro
742 379 790 395 nobis

491 400 554 417 Sancte
560 400 643 421 johannes
650 401 724 422 baptista
731 407 734 418 ε
754 401 790 418 ora·

491 423 554 439 Sancte
562 426 619 444 petre:
638 435 749 440 .....
761 429 790 440 ora

492 445 555 461 Sancte
562 445 612 466 paule
619 451 623 461 :
637 457 748 462 .....
760 451 790 462 ora

491 467 553 483 Sancte
561 467 633 483 andrea:
638 479 748 484 .....
760 473 789 484 ora

491 489 554 505 Sancte
560 489 620 510 jacobe
627 494 630 505 :
638 502 748 506 .....
760 495 790 506 ora

490 511 553 528 Sancte
559 511 641 532 johannes
647 517 651 520 ·
745 525 748 528 .
760 517 789 528 ora

490 534 553 550 Sancte
562 533 629 550 thoma:
744 546 747 550 .
760 539 789 550 oia

489 555 552 571 Sancte
559 556 629 576 jacobe:
717 568 721 572 .
744 568 748 572 t
759 561 789 572 ora

489 578 553 594 Sancte
561 578 645 598 philippe:
664 590 668 594 .
690 590 694 594 .
717 590 721 595 .
744 591 747 594 .
759 583 789 594 ora

489 599 553 616 Sancte
561 600 685 616 bartholomee:
744 613 748 616 .
760 606 789 616 ora

488 622 552 638 Sancte
560 622 637 638 mathee:
664 634 668 638 .
690 634 695 638 .
717 634 721 639 .
744 635 748 638 .
759 628 789 638 ora

488 644 552 660 Sancte
559 649 629 664 symon:
637 656 748 661 .....
760 650 789 661 ora

488 666 550 682 Sancte
557 666 608 686 juda:
744 679 748 683 .
760 672 789 683 ora

488 688 551 704 Sancte
559 688 632 704 mathia:
744 701 747 705 .
759 694 788 705 ora

489 710 551 727 Sancte
560 710 633 727 barnaba
743 723 748 727 .
759 716 788 728 ora

488 733 551 749 Sancte
559 738 624 749 marce:
743 745 747 750 .
759 739 789 750 ora.

488 755 552 771 Sancte
560 755 606 771 luca:
759 761 788 772 ora

488 777 552 793 Sancte
560 777 652 793 marcialis:
663 789 667 793 .
690 789 694 793 .
716 789 721 794 .
742 789 747 794 .
758 783 788 794 ora

488 799 551 815 Sancte
559 799 661 815 thimothee:
689 811 694 815 .
716 812 720 816 .
758 805 788 816 ora

489 821 550 837 Omnes
569 821 621 837 sancti
641 821 712 842 apostoli
729 824 746 838 et

509 844 610 864 evangeliste
619 849 623 860 :
643 843 695 860 Orate
703 849 733 864 pro
739 844 788 860 nobis

488 865 551 881 Omnes
564 866 617 881 sancti
629 865 704 886 discipuli
716 866 747 882 do-

509 888 560 903 mini:
587 899 724 904 ......
741 891 788 904 orate

488 909 550 926 Omnes
558 909 610 926 sancti
619 909 726 926 innocentes:
740 913 787 926 orate

487 931 550 948 Sancte
558 931 638 952 stephane
644 937 648 948 ε
662 944 666 948 .
689 943 693 948 .
716 944 720 948 .
742 945 746 948 .
758 938 788 949 οη

487 953 550 970 Sancte
558 954 601 970 line:
609 966 745 971 ......
758 960 787 971 ora

487 976 550 992 Sancte
558 976 610 992 clete:
741 989 745 993 .
757 982 787 993 ora

487 998 550 1014 Sancte
558 998 611 1014 cleme
742 1011 745 1015 .
757 1004 786 1015 ora

487 1020 550 1036 Sancte
558 1020 619 1036 corneli
627 1026 631 1036 z
715 1033 719 1036 .
741 1033 745 1037 .
757 1026 786 1037 om

487 1042 551 1058 Sancte
559 1043 647 1063 cypriane:
662 1055 666 1059 .
689 1055 692 1058 .
715 1055 719 1058 .
742 1055 745 1059 .
757 1048 786 1059 ora

487 1064 550 1081 Sancte
558 1065 612 1081 sixte:
635 1077 639 1081 .
741 1077 745 1081 .
757 1070 787 1081 ora

488 1086 551 1103 Sancte
559 1086 617 1103 thoma
623 1092 627 1095 ·
742 1099 745 1103 .
757 1092 787 1103 ora

487 1108 550 1125 Sancte
558 1109 604 1125 laure
689 1121 692 1125 .
715 1121 719 1125 .
742 1121 745 1125 .
757 1115 787 1125 ora

487 1131 550 1147 Sancte
557 1131 640 1147 vincenti:
663 1143 667 1147 .
689 1143 694 1147 .
715 1143 720 1147 .
742 1143 746 1147 .
758 1137 787 1148 ora

511 1175 515 1182 =
524 1174 583 1190 eleyson:
592 1173 645 1186 cws

511 1192 516 1199 ·
526 1191 573 1207 'lr'yrie
579 1190 637 1206 eleyson·
642 1190 668 1202 mid
674 1195 678 1202 ι
687 1190 702 1202 Ε.

511 1207 516 1215 ·
526 1207 580 1220 *Omnes
586 1207 625 1219 sancii
634 1207 695 1223 patri-ree
703 1209 715 1219 ei
721 1207 786 1224 prophete.

487 1224 526 1236 Omne
532 1223 595 1240 pronubis
599 1223 602 1229 ¹
607 1223 633 1236 :dd
638 1228 642 1236 ι
647 1223 703 1236 EQW,

702 1247 728 1264 ³⁵
