946 1448
335 175 400 190 FERIA
414 175 494 194 QVINTA
507 175 538 189 AD
551 175 662 189 VEsPERAs.

323 202 364 217 909

186 229 241 245 donec
248 229 331 245 inveniam
346 229 401 245 locum
409 229 488 246 domino:

187 251 312 267 tabernaculum
324 251 355 267 deo
365 251 420 272 jacob.
442 252 488 268 Eece

188 274 282 289 audivimus
290 278 327 289 eam
334 274 350 289 in
359 274 438 294 ephrata¹
446 279 450 290 z
462 274 486 290 in-

188 296 264 311 venimus
276 301 313 311 eam
329 296 346 311 in
359 296 423 316 campis
441 296 487 312 silve

187 317 296 333 Introibimus
319 318 335 333 in
362 318 488 334 tabernaculum

188 340 235 360 ejus:
254 340 360 356 adorabimus
379 340 396 356 in
411 340 448 356 loco
460 340 488 356 ubi

188 364 270 377 steterunt
276 362 327 382 pedes
332 362 372 382 ejus.
395 362 450 383 Surge
458 362 488 378 do-

188 384 233 399 mine
249 384 266 399 in
282 384 355 405 requiem
369 386 426 400 tuam:
437 387 455 400 tu
471 387 488 400 et

188 406 238 422 archa
243 405 379 422 sanctificationis
385 409 417 422 tue.
429 406 489 423 Sacer-

187 428 236 444 dotes
244 428 268 444 tui
277 428 366 444 induantur
372 429 453 449 jusn‘tiarn
460 434 463 444 1
472 431 489 445 et

187 450 240 466 sancti
259 451 283 466 tui
303 451 384 467 exultent.
417 451 490 471 Propter

187 472 238 488 david
251 477 317 488 servum
330 475 389 489 tuum:
401 478 434 489 non
442 478 489 489 aver-

187 497 214 510 tas
222 494 281 510 faciem
291 495 352 511 Christi
367 495 396 511 tui.
420 495 489 514 Juravit

188 516 266 532 dominus
273 517 323 532 david
331 517 418 533 veritatem
426 520 443 533 et
454 522 488 533 non

189 538 294 554 frustrabitur
302 544 340 555 eum
348 544 351 555 z
358 539 379 555 de
387 539 440 555 fructu
449 544 488 555 ven-

188 561 218 576 tris
226 561 249 576 tui
258 566 320 582 ponam
331 566 381 582 super
392 561 449 577 sedem
462 564 489 577 tu-

188 588 220 598 am.
241 583 260 598 Si
268 583 378 599 custodierint
386 583 415 599 filii
423 584 447 599 tui
455 586 489 599 tes-

188 607 282 621 tamentum
290 610 346 621 meum
353 611 356 621 :
368 608 385 621 et
393 606 489 621 testimonia

188 631 226 642 mea
232 627 262 643 hec
268 632 301 648 que
307 627 371 643 docebo
379 632 412 643 eos.
423 628 449 644 Et
460 627 489 643 filii

188 654 245 665 eorum
253 654 256 665 ε
269 654 321 670 usque
329 649 346 665 in
354 650 428 665 seculum
441 650 489 666 sede-

188 671 230 686 bunt
243 676 293 692 super
301 671 357 687 sedem
370 674 421 688 tuam.
445 672 489 692 Quo-

188 693 233 708 niam
241 693 291 714 elegit
307 694 384 709 dominus
391 699 433 714 syon
441 699 444 710 ι
456 694 490 710 ele-

188 715 213 735 git
226 720 263 731 eam
280 716 296 731 in
312 715 433 732 habitationem
453 716 488 732 sihi.

189 737 228 753 Hec
247 738 311 758 requies
331 743 368 754 mea
386 738 402 754 in
414 738 489 754 seculum

187 759 248 775 seculi:
271 759 298 776 hic
312 760 392 776 habitabo
408 761 488 781 quoniam

187 781 231 802 elegi
239 786 281 798 eam.
308 782 380 798 Viduam
389 782 425 803 ejus
438 783 488 798 bene-

186 803 244 819 dicens
270 804 377 821 benedicam:
407 809 489 825 pauperes

187 825 224 846 ejus
237 826 316 842 saturabo
330 826 405 847 panibus
429 827 488 843 Sacer-

187 847 235 863 dotes
247 848 283 868 ejus
298 848 366 864 induam
381 848 459 865 salutari:
471 851 488 865 et

187 870 240 885 sancti
255 870 291 890 ejus
307 870 411 887 exultatione
423 871 487 887 exulta-

187 891 233 907 bunt
269 892 315 908 Illuc
330 893 420 913 producam
436 898 487 909 cornu

187 913 247 929 david:
259 914 315 935 paravi
329 915 411 931 lucernam
421 915 488 931 Christo

187 940 229 951 meni
263 936 343 953 Inimicus
360 937 396 957 ejus
418 937 487 953 induam

186 957 283 974 confusione
292 964 296 974 :
307 964 356 979 super
368 960 422 980 ipsum
431 962 486 975 autem

186 978 267 995 efflorebit
275 981 384 997 sanctificatio
389 981 438 997 mea.s
453 981 486 997 Ari.

187 1000 210 1016 Et
225 1002 279 1017 omnis
295 1004 426 1019 mansuetudinis
446 1004 486 1024 ejus.

186 1022 220 1038 Λή.
244 1023 338 1041 Habitare·
400 1025 487 1047 psalmus.¹

185 1045 252 1077 Eece
267 1051 318 1067 quam
334 1048 396 1063 bonum
408 1051 425 1064 et
436 1053 487 1069 quam

186 1087 190 1090 .
223 1069 327 1087 jocundum:
343 1070 417 1086 habitare
429 1070 488 1086 fratres

185 1092 203 1103 m
212 1094 268 1106 unum.
292 1091 340 1108 Sicut
356 1095 459 1113 unguentum
470 1093 487 1108 in

212 1125 215 1132 ·
225 1126 277 1140 mmm:
286 1128 322 1141 w.s.

211 1141 216 1164 ἶ
226 1143 280 1164 :Gloria
287 1145 326 1160 palri'
332 1145 366 1158 addi
376 1146 409 1158 E.G.

211 1174 216 1181 ι
233 1159 262 1186 ῗῆ.
273 1161 342 1175 Habitum*
349 1166 374 1175 om*
382 1167 385 1175 t
395 1162 427 1175 EG.

210 1189 216 1197 ⁴
222 1176 361 1211 ὓῑῖῗὶέρξῇῃξ
420 1188 463 1212 'qum
469 1195 488 1211 jov

266 1209 295 1222 Νοη
306 1212 354 1225 dic-'mr
364 1213 382 1225 ad
388 1217 408 1225 ves
422 1216 442 1224 m-
452 1212 488 1228 [illu

270 1226 347 1243 nummus
354 1230 383 1246 ¹³3¹
406 1229 421 1242 d:
430 1229 465 1242 EAG*

634 202 671 216 010

512 229 580 250 eapite:
593 229 638 250 quod
651 228 739 245 descendit
752 229 769 245 in
777 228 813 245 bar-

512 252 551 267 bam
563 251 632 267 barbam
644 256 699 267 aaron.
724 251 774 271 Quod
785 251 813 267 de-

512 274 577 290 scendit
585 274 601 289 in
612 278 658 289 oram
666 273 763 289 vestimenti
769 273 813 294 ejus:

512 296 589 312 sicutros
600 296 669 311 hermon
684 296 713 316 qui
727 295 813 311 descendit

512 318 529 333 in
537 321 611 334 montem
619 323 666 338 syon.
690 317 775 337 Quoniam
782 317 813 333 illic

513 340 598 356 mandavit
618 340 696 356 dominus
711 340 813 355 benedictii»

513 367 552 378 nem
558 367 561 378 ε
567 364 584 378 et
590 362 641 378 vitam
647 362 721 382 usquein
727 362 813 377 seculum.¹

512 384 547 400 Aa.
560 384 641 400 Habitare
654 384 714 400 fratres
727 384 744 400 in
758 389 812 400 unum.

514 406 585 427 Sequens
589 406 664 427 palmus
677 412 709 422 non
724 406 787 422 dicitur
797 406 813 421 in

514 429 593 449 vespera·
783 428 813 449 pi!

551 456 579 467 cce
594 455 638 466 nunc
653 450 749 466 benedicite
761 450 813 466 dorni-

551 478 601 489 num:
616 477 675 488 omnes
687 472 730 488 servi
746 472 813 488 don-lint

514 494 546 514 Qui
558 495 607 511 statis
619 495 634 510 in
647 495 699 510 domo
711 495 786 510 domini:
798 494 813 510 in

513 517 558 532 auiis
567 517 626 533 domus
632 517 658 533 dei
667 517 724 533 nostri.
746 517 768 533 In
777 522 814 533 noc-

513 539 557 555 tibus
565 539 641 555 extollite
654 544 715 555 manus
722 541 786 555 vestras
798 539 813 554 in

513 561 607 577 sanctam':
621 563 638 577 et
651 561 746 577 benedicite
761 561 814 577 domi-

513 588 558 599 num.
570 583 661 599 Benedioet
672 585 690 599 te
701 583 781 599 dominus
792 588 814 599 ex

513 610 555 626 syon
562 611 566 621 :
577 606 606 626 qui
614 605 652 621 fecit
659 605 715 621 celum
724 608 741 621 et
749 608 814 621 terram.

513 627 547 643 Αῆ.
559 627 633 644 Omnia!
783 627 814 648 pi!

513 650 609 683 Laudate
621 654 683 665 nomen
694 649 770 665 domini:
782 649 815 665 lau-

548 672 588 688 date
595 672 637 687 servi
645 671 728 687 domini.¹⁰
741 671 774 691 Qui
782 674 814 687 sta-

514 694 535 710 tis
551 694 567 709 in
581 694 632 710 domo
646 694 721 709 domini:
740 694 758 709 in
770 694 816 709 atriis

514 716 574 732 domus
582 716 608 732 dei
621 716 677 732 nostrii
700 716 778 732 Laudate
786 716 816 731 do-

514 738 579 754 minum
586 738 681 759 quoniam''
694 738 749 754 bonus
762 738 815 754 domi-

513 765 554 776 nus:
572 760 636 781 psallite
650 760 714 776 nomini
726 760 763 781 ejus
775 765 815 781 quo-

513 783 558 798 niam
577 788 631 798 suave.
663 782 747 802 Quoniam
766 782 816 802 jacob

513 804 563 825 elegit
580 805 610 820 sibi
629 804 718 820 dominus:
731 805 780 820 israel
799 804 815 820 in

513 827 633 847 possessionem
650 826 686 842 sibi.
722 826 766 846 Quia
785 831 816 847 ego

512 849 583 869 cognovi
591 849 636 869 quod
648 853 719 869 magnus
727 851 754 864 est
762 848 816 864 dorni-

513 876 554 887 nus:
566 874 583 887 et
591 871 631 887 deus
638 873 695 886 noster
699 876 729 891 pre
737 871 816 886 omnibus

513 893 549 909 diis.
574 893 635 909 Omnia
647 898 748 913 quecunque
763 893 816 909 voluit

513 915 591 931 dominus
597 915 636 931 fecit
642 915 658 931 in
667 915 704 931 celo
712 917 730 931 et
738 915 755 931 in
763 917 816 931 tem:

513 937 530 953 in
540 937 581 953 mari
593 940 610 953 et
623 937 639 953 in
652 937 732 953 omnibus
746 937 816 958 abyssis.

513 959 530 975 E
531 960 593 975 ducens
601 959 653 975 nubes
665 959 687 975 ab
697 962 777 975 extremo
785 962 816 975 ter—

514 986 540 997 re:
557 981 623 1002 fulgura
641 981 658 997 in
677 981 754 1002 pluviam
774 981 816 997 feeit.

513 1003 545 1023 Qui
553 1003 629 1024 producit
637 1005 696 1019 ventos
704 1003 726 1019 de
734 1003 817 1019 thesauris

512 1026 555 1042 suis:
567 1026 595 1046 qui
608 1025 688 1046 percussit
704 1026 817 1046 primogenita

512 1048 579 1069 egypti:
591 1048 612 1064 ab
620 1048 688 1064 homine
696 1053 750 1068 usque
759 1048 780 1064 ad
789 1053 817 1068 pe-

512 1075 546 1086 cus
557 1070 582 1086 Et
589 1070 633 1086 misit
638 1070 686 1090 signa
692 1072 709 1086 et
716 1070 794 1091 prodigia
800 1070 817 1086 in

514 1092 569 1108 medio
577 1092 601 1108 tui
608 1095 669 1113 egypte
676 1097 679 1108 :
688 1092 705 1107 in
712 1092 816 1113 pharaonem

538 1130 568 1153 :pn
577 1129 652 1158 133:GE.G.
670 1129 734 1145 11:⁴42:
743 1129 757 1142 s.

538 1163 543 1170 -
551 1148 593 1175 ³²22*
598 1154 651 1175 'emin‘
657 1166 682 1174 om.
689 1166 693 1174 ι
703 1162 738 1175 izi<3⁴

534 1178 663 1208 .:{‚‘z⁴m·2{⁴„af·2⁰·0
670 1179 766 1207 §aff-1⁵-

534 1212 542 1220 ¹·
552 1216 575 1228 pm
582 1211 692 1228 =quonim³quia
